@misc{pwn,
  title = {{PWN} Internetowy słownik PWN},
  howpublished = {\url{https://sjp.pwn.pl/slowniki/interakcja}},
  note = {Data uzyskania dostępu: 2022-09-10}
}

@misc{oracle,
  title = {{Oracle} Oracle JD Edwards EnterpriseOne Applications Documentation, Release 9.1.x},
  howpublished = {\url{https://docs.oracle.com/cd/E16582_01/doc.91/e15086/und_configurator.htm#EOABC00002}},
  note = {Data uzyskania dostępu: 2022-11-10}
}

@Book{visualization,
 title = {Computer Visualization: Graphics Techniques for Engineering and Scientific Analysis},
 publisher = {CRC Press, CRC Press LLC},
 year = {12/22/94},
 author = {Richard S. Gallagher, Solomon Press},
}

@Book{architecture,
 title = {The Fundamentals of Interior Design},
 publisher = {AVA Publishing S.A.},
 year = {2009},
 author = {Simon, Dodsworth},
}

@misc{creative,
  title = {{Creative Commons} CC0 1.0 Universal (CC0 1.0) Przekazanie do Domeny Publicznej },
  howpublished = {\url{https://creativecommons.org/publicdomain/zero/1.0/deed.pl}},
  note = {Data uzyskania dostępu: 2022-08-10}
}





@Book{unity,
 title = {Unity for Architectural Visualization},
 publisher = {Packt Publishing Ltd.},
 year = {2013},
 author = {Stefan, Boeykens},
}

@Book{interactivity,
 title = {Programming Interactivity},
 publisher = {O’Reilly Media, Inc.},
 year = {2012},
 author = {Joshua, Noble},
}

@Book{interacting,
 title = {Information Visualization Perception for Design},
 publisher = {Morgan Kaufmann Publishers},
 year = {2004},
 author = {Colin Ware},
}

@Book{medicine,
 title = {Visualization in medicine},
 publisher = {Morgan Kaufmann Publishers},
 year = {2007},
 author = {Bernhard Preim, Dirk Bartz},
}

@misc{unreal,
  title = {{Unreal Engine} Unreal Engine 5.0 Release Notes},
  howpublished = {\url{https://docs.unrealengine.com/5.0/en-US/unreal-engine-5.0-release-notes}},
  note = {Data uzyskania dostępu: 2022-07-10}
}

@misc{material,
  title = { Material Maker},
  howpublished = {\url{https://godotengine.org/showcase/material-maker/}},
  note = {Data uzyskania dostępu: 2022-08-10}
}

@TechReport{comparason,
 author = {Andrzej Barczak, Hubert Woźniak},
 title = {Comparative Study on Game Engines},
 institution = {Siedlce University of Natural Sciences and Humanities, Faculty of Exact and Natural Sciences, Institute of Computer Science},
 year = {2019},

}

